<record><leader>00000cas a22000007a 4500</leader><controlfield tag="001">11772094</controlfield><controlfield tag="008">850306d183318uunyuwr ne      0    0eng d</controlfield><datafield ind1=" " ind2=" " tag="010"><subfield code="a">sn 85054314 </subfield></datafield><datafield ind1=" " ind2=" " tag="040"><subfield code="a">NYG</subfield><subfield code="b">eng</subfield><subfield code="c">NYG</subfield><subfield code="d">NPX</subfield><subfield code="d">NYG</subfield><subfield code="d">NYS</subfield><subfield code="d">OCL</subfield><subfield code="d">OCLCQ</subfield><subfield code="d">OCLCF</subfield><subfield code="d">OCLCO</subfield></datafield><datafield ind1=" " ind2=" " tag="042"><subfield code="a">msc</subfield></datafield><datafield ind1=" " ind2=" " tag="043"><subfield code="a">n-us-ny</subfield></datafield><datafield ind1="0" ind2="0" tag="245"><subfield code="a">Rockland advertiser and family gazette.</subfield></datafield><datafield ind1=" " ind2=" " tag="260"><subfield code="a">Haverstraw, N.Y. :</subfield><subfield code="b">John Douglas</subfield></datafield><datafield ind1=" " ind2=" " tag="300"><subfield code="a">v. ;</subfield><subfield code="c">50 cm.</subfield></datafield><datafield ind1=" " ind2=" " tag="310"><subfield code="a">Weekly</subfield></datafield><datafield ind1="1" ind2=" " tag="362"><subfield code="a">Began in 1833.</subfield></datafield><datafield ind1=" " ind2=" " tag="588"><subfield code="a">Description based on: Vol. 1, no. 10 (July 11, 1833).</subfield></datafield><datafield ind1=" " ind2="0" tag="651"><subfield code="a">Haverstraw (N.Y.)</subfield><subfield code="v">Newspapers.</subfield></datafield><datafield ind1=" " ind2="7" tag="655"><subfield code="a">Newspapers.</subfield><subfield code="2">fast</subfield><subfield code="0">(OCoLC)fst01423814</subfield></datafield><datafield ind1=" " ind2="7" tag="651"><subfield code="a">New York (State)</subfield><subfield code="z">Haverstraw.</subfield><subfield code="2">fast</subfield><subfield code="0">(OCoLC)fst01301311</subfield></datafield><datafield ind1=" " ind2=" " tag="752"><subfield code="a">United States</subfield><subfield code="b">New York</subfield><subfield code="c">Rockland</subfield><subfield code="d">Haverstraw.</subfield></datafield><datafield ind1="0" ind2="4" tag="780"><subfield code="t">Rockland gazette</subfield></datafield><datafield ind1="0" ind2="4" tag="780"><subfield code="t">Rockland advertiser</subfield></datafield><datafield ind1="0" ind2="0" tag="785"><subfield code="t">Rockland news and general advertiser</subfield></datafield></record>